%% LaTeX2e file `mybib.bib'
%% generated by the `filecontents' environment
%% from source `linuxFromEntryToGiveUp' on 2018/04/03.
%%
@unpublished{Survey2014,
  title={Survey on the access to finance of enterprises},
  author={Sophie Doove and Petra Gibcus and Ton Kwaak and Lia Smit and Tommy Span},
  year=2014,
  note ={Accessed 16 June 2017. http://wwwe.ansa.it/documents/1415814222451\_Rapporto.pdf/ },
}
 @unpublished{
  tile={}
  }
% 在document使用链接
% \citet{Survey2014}
% \printbibliography
